@online{WNPR,
  OPTkey = {},
  author = {{World Nuclear Association}},
  title = {Nuclear Power Reactors},
  URL = {https://world-nuclear.org/information-library/nuclear-fuel-cycle/nuclear-power-reactors/nuclear-power-reactors.aspx},
  urldate = {2022-09-25},
  month = aug,
  year = 2022,
  OPTnote = {},
  OPTannote = {}
}

@book{nucfundamentals,
  title={Fundamentals in Nuclear Physics: From Nuclear Structure to Cosmology},
  author={Basdevant, J.L. and Rich, J. and Michael Spiro},
  isbn={9780387016726},
  lccn={2004056544},
  series={Advanced Texts in Physics S},
  url={https://books.google.at/books?id=jIObNOGKiKkC},
  year={2005},
  publisher={Springer}
}
